@misc{futharkdoc,
    title     = {Futhark Language Documation},
    howpublished = {\url{http://futhark.readthedocs.org/en/latest/index.html}},
    note      = {Accessed: 02-03-2016}
}

@misc{futharklang,
    title     = {Futhark Website},
    howpublished = {\url{http://futhark-lang.org}},
    note      = {Accessed: 02-03-2016}
}


@misc{Hyperfit,
    title     = {Hyperfit},
    howpublished = {\url{http://hiperfit.dk/}},
    note      = {Accessed: 05-15-2016}
}

@inproceedings{T2Fusion,
 author = {Henriksen, Troels and Oancea, Cosmin Eugen},
 title = {A T2 Graph-reduction Approach to Fusion},
 booktitle = {Proceedings of the 2Nd ACM SIGPLAN Workshop on Functional High-performance Computing},
 series = {FHPC '13},
 year = {2013},
 isbn = {978-1-4503-2381-9},
 location = {Boston, Massachusetts, USA},
 pages = {47--58},
 numpages = {12},
 url = {http://doi.acm.org/10.1145/2502323.2502328},
 doi = {10.1145/2502323.2502328},
 acmid = {2502328},
 publisher = {ACM},
 address = {New York, NY, USA},
 keywords = {autoparallelization, functional language, fusion},
} 

@MastersThesis{MasterTroels,
    author     =     {Troels Henriksen},
    title     =     {{Exploiting functional invariants to optimise parallelism: a dataflow approach}},
    school     =     {DIKU},
    address     =     {Denmark},
    year     =     {2014},
    }